@article{viegasanalise,
  title={AN{\'A}LISE DE DESEMPENHO DE PROTOCOLOS EM REDES ETHERNET PARA APLICA{\c{C}}{\~O}ES EM TEMPO REAL},
  author={Vi{\'e}gas Jr, Ricardo AM Valentim1 Raimundo and Guedes, Luiz Affonso and Fonseca, Adauto LTB}
}

@article{silveira2003breve,
  title={Um breve hist{\'o}rico conceitual da automa{\c{c}}{\~a}o industrial e redes para automa{\c{c}}{\~a}o industrial},
  author={Silveira, Leonardo and Lima, Weldson Q},
  journal={Redes para Automa{\c{c}}{\~a}o Industrial. Universidade Federal do Rio Grande do Norte},
  year={2003}
}

@article{Thramboulidis:2008:SES:1387969.1340447,
 author = {Thramboulidis, K. C. and Doukas, G. and Koumoutsos, G.},
 title = {A SOA-based Embedded Systems Development Environment for Industrial Automation},
 journal = {EURASIP J. Embedded Syst.},
 issue_date = {April 2008},
 volume = {2008},
 month = apr,
 year = {2008},
 issn = {1687-3955},
 pages = {3:1--3:15},
 articleno = {3},
 numpages = {15},
 url = {http://dx.doi.org/10.1155/2008/312671},
 doi = {10.1155/2008/312671},
 acmid = {1340447},
 publisher = {Hindawi Publishing Corp.},
 address = {New York, NY, United States},
} 

@article{araujo2011bibliometria,
  title={A bibliometria na pesquisa cient{\'\i}fica da p{\'o}s-gradua{\c{c}}{\~a}o brasileira de 1987 a 2007},
  author={Ara{\'u}jo, Ronaldo Ferreira and Alvarenga, Lidia},
  journal={Encontros Bibli: revista eletr{\^o}nica de biblioteconomia e ci{\^e}ncia da informa{\c{c}}{\~a}o},
  volume={16},
  number={31},
  pages={51--70},
  year={2011}
}

@article{embedded,
    author={MÃ¡rcio Freitas, C},
    title={Sistemas Embarcados na Automa{\c{c}}{\~a}o Industrial},
    url={"https://www.embarcados.com.br/sistemas-embarcados-na-automacao-industrial/"}
}

@article{Thramboulidis:2008:SES:1387969.1340447,
 author = {Thramboulidis, K. C. and Doukas, G. and Koumoutsos, G.},
 title = {A SOA-based Embedded Systems Development Environment for Industrial Automation},
 journal = {EURASIP J. Embedded Syst.},
 issue_date = {April 2008},
 volume = {2008},
 month = apr,
 year = {2008},
 issn = {1687-3955},
 pages = {3:1--3:15},
 articleno = {3},
 numpages = {15},
 url = {http://dx.doi.org/10.1155/2008/312671},
 doi = {10.1155/2008/312671},
 acmid = {1340447},
 publisher = {Hindawi Publishing Corp.},
 address = {New York, NY, United States},
} 

@inproceedings{rodrigues2013sistemas,
  title={SISTEMAS EMBARCADOS E SUA APLICA{\c{C}}{\~A}O NA IND{\'U}STRIA},
  author={Rodrigues, Evandro and Ped{\'o}, Ricardo and Tedesco, Leonel Pablo},
  booktitle={Workshop em Sistemas e Processos Industriais},
  year={2013}
}